<?xml version="1.0" encoding="UTF-8"?><collection xmlns="http://www.loc.gov/MARC21/slim"><record><leader>00319nam--2200133-i-4500</leader><controlfield tag="001">000003961</controlfield><controlfield tag="002">20161230</controlfield><controlfield tag="005">20161230201025</controlfield><controlfield tag="008">060222s1000------------r-----000-0-eng-d</controlfield><datafield ind1=" " ind2=" " tag="100"><subfield code="a">Carpentier, W</subfield></datafield><datafield ind1=" " ind2=" " tag="245"><subfield code="a">A-c voltage regulators</subfield></datafield><datafield ind1=" " ind2=" " tag="260"><subfield code="a">New York, Mcgraw, 1955</subfield></datafield><datafield ind1=" " ind2=" " tag="490"><subfield code="a">Reprinted From Product.Eng</subfield></datafield><datafield ind1=" " ind2=" " tag="852"><subfield code="a">..</subfield></datafield></record></collection>